@article{ref1,
    author    = {Srivastava, P. S. and Kim, T.},
    title     = {Application of Genetic Algorithm in Software Testing},
    journal   = {International Journal of Software Engineering and Its Applications},
    volume   = {3},
    number   = {4},
    year      = {2009},
    month    = {11},
}

@INPROCEEDINGS{ref2, 
  author={R. Zhao and S. Lv}, 
  booktitle={13th Pacific Rim International Symposium}, 
  title={Neural-Network Based Test Cases Generation Using Genetic Algorithm}, 
  year={2007}, 
  pages={97-100}, 
  keywords={genetic algorithms;neural nets;program testing;genetic algorithm;neural-network;software under test;test case generation;Automatic testing;Automation;Chemical technology;Computer science;Error correction;Fault detection;Genetic algorithms;Neural networks;Software testing;System testing}, 
  doi={10.1109/PRDC.2007.63}, 
  month={12},
}

@INPROCEEDINGS{ref3,
	author = {Halfond, William G. J. and Orso, Alessandro},
   title = {Improving Test Case Generation for Web Applications Using Automated Interface Discovery},
   booktitle = {The the 6th Joint Meeting of the European Software Engineering Conference},
   series = {ESEC--FSE '07},
   year = {2007},
   isbn = {9781595938114},
   location = {Dubrovnik, Croatia},
   pages = {145--154},
   numpages = {10},
   url = {http://doi.acm.org/10.1145/1287624.1287646},
   doi = {10.1145/1287624.1287646},
   acmid = {1287646},
   publisher = {ACM},
   address = {New York, NY, USA},
   keywords = {interface extraction, web-application testing},
}

@conference{ref4,
	author		= {Christensen, A. S. and Møller, A. and Schwartzbach, M. I.},
	title		= {Precise Analysis of String Expressions},
	booktitle	= {The 10th International Conference on Static Analysis},
	year		= {2003},
}

@manual{ref5,
  title = {HipHop Bytecode Specification v1 revision 18},
  author = {Facebook},
  year = {2014},
}

F., “HipHop Bytecode Specification v1 revision 18 *,” GitHub. [Online]. Available: https://github.com/facebook/hhvm/blob/master/hphp/doc/bytecode.specification. [Accessed: 28-Nov-2016].

